<?xml version="1.0" encoding="UTF-8"?><collection xmlns="http://www.loc.gov/MARC21/slim"><record><leader>00680nam--2200205-u-4500</leader><controlfield tag="001">000052631</controlfield><controlfield tag="002">20161230</controlfield><controlfield tag="005">20161230201050</controlfield><controlfield tag="008">100928s1000------------r-----000-0-rus-d</controlfield><datafield ind1=" " ind2=" " tag="040"><subfield code="a">IFIN-HH</subfield></datafield><datafield ind1=" " ind2=" " tag="041"><subfield code="a">rus</subfield></datafield><datafield ind1=" " ind2=" " tag="080"><subfield code="a">533.9.082.76</subfield></datafield><datafield ind1="1" ind2=" " tag="100"><subfield code="a">Chung, Paul M</subfield></datafield><datafield ind1="1" ind2="0" tag="245"><subfield code="a">Elektriceskie zondi v nepodvijnoi i dvijuseisia plazme (Teoriia i primenenie)</subfield><subfield code="c">Paul M. Chung, Lawrence Talbot, Kenell L.J. Touryan</subfield></datafield><datafield ind1=" " ind2=" " tag="260"><subfield code="a">Moskva</subfield><subfield code="b">Mir</subfield><subfield code="c">1978</subfield></datafield><datafield ind1=" " ind2=" " tag="300"><subfield code="a">201 p</subfield></datafield><datafield ind1=" " ind2=" " tag="500"><subfield code="a">Titlul original in lb. engleza: Electric Probes in Stationary and Flowing Plasmas: Theory and Application</subfield></datafield><datafield ind1="1" ind2=" " tag="700"><subfield code="a">Touryan, Kenell L.J</subfield></datafield><datafield ind1=" " ind2=" " tag="852"><subfield code="a">46607</subfield><subfield code="c">533.9</subfield></datafield><datafield ind1=" " ind2=" " tag="CAT"><subfield code="a">Sys</subfield><subfield code="c">20100928</subfield><subfield code="h">155709</subfield></datafield></record></collection>